2665 3167
1078 116 1437 165 ...qu-.-

168 248 614 308 mnu-mutiam,
643 253 757 306 tanta
778 254 885 287 cura
893 256 937 286 et
951 248 1188 286 eruditione
1203 248 1439 294 confectus,
1467 254 1519 284 nt
1540 254 1643 295 quae
1660 252 1781 282 antea
1799 245 1992 281 tricarum
2017 245 2177 281 fuerint
2189 244 2346 292 plenin-

128 311 130 313 ’
168 318 289 363 dn,
308 326 434 354 nunc
445 313 578 364 Ρ-11ιι1
589 319 713 376 atque
729 313 949 390 perspicus.-
961 311 1144 349 breviter
1161 310 1317 364 absolvi
1336 317 1504 382 queant.
1571 307 1818 346 Videamus
1808 307 1939 358 igitur
1954 307 2006 344 de
2033 307 2221 357 singulis.

194 459 196 462 ,
280 392 531 478 ADAEVS
540 406 789 465 MACEDQ
823 413 950 463 Δηὼ
970 413 1040 462 VI,
1063 397 1169 460 228
1190 400 1300 457 258
1329 413 1400 462 1x,
1422 386 1531 457 800.
1552 414 1658 454 803.
1696 410 1747 458 x,
1766 415 1842 454 20.
1874 411 1991 450 idem
2005 411 2190 460 sonasse,
2225 422 2350 461 quem

169 464 283 532 inter
299 469 503 531 rhetores
513 480 578 516 sui
606 480 697 516 aevi
719 486 913 532 recenset
936 478 998 529 M.
1025 466 1198 523 Seneca,
1240 477 1437 524 controv,
1460 476 1609 514 XXIV.
1637 483 1681 512 et
1698 475 1822 513 XXV.
1843 484 1948 511 extr.
2010 475 2349 523 AEMILIANVS

169 526 475 606 m‘cAE‘N'vs‘,
501 531 629 580 Δηὼ.
653 529 747 588 1x,
754 529 877 582 218
894 540 1079 583 ine-rme
1106 538 1270 578 amm.
1319 536 1643 580 ANTIPATER
1664 522 1971 587 marsum,
2004 536 2134 578 Δηὼ
2153 536 2225 584 1x,
2241 537 2347 586 407..

168 616 335 677 penten
344 612 485 662 aperte
505 603 771 649 mendosum,
783 603 869 641 sive
887 615 939 642 ex
960 590 1255 655 epigraznmate
1271 584 1543 651 praecedente
1562 600 1762 649 Antigoni
1783 593 1954 648 Carystii
1973 600 2083 638 idem
2102 599 2182 636 huc
2200 600 2348 636 transi-

295 667 426 724 entile
445 667 495 705 ad
512 667 774 716 Antipatrum
789 654 1220 719 Thessalonicensem,
1254 665 1337 701 sive
1359 663 1571 714 Antigoni
1583 674 1737 701 nornen
1756 662 1969 715 Antipatro
1988 662 2347 712 substituendum:

232 718 519 790 IPHANES
535 728 977 774 MEGALOPOLITA,
1009 727 1229 774 Anth.1x,
1248 728 1351 768 258.
1388 728 1571 780 incertae
1599 726 1764 762 aetatis·
1798 725 2096 770 ANTISTIVS,
2130 725 2257 763 Anth.
2278 725 2347 775 vl,

170 777 279 861 237.
290 781 405 839 VII,
417 794 533 834 366.
556 792 675 834 544·
697 779 769 838 XI,
791 792 863 832 40.
894 790 1044 841 dubiae
1063 790 1219 836 aetatis,
1244 776 1412 843 forsitan
1430 777 1635 828 Antistius
1654 788 1728 825 ille
1745 787 1955 834 Sosianus,
1973 785 2348 840 quemfactitatis

171 843 222 916 ᾗι
246 845 466 905 Naronem
484 845 720 908 probrosis
737 838 1013 892 carminibus
1039 851 1201 892 exsilio
1220 840 1459 892 multatum
1482 863 1573 891 esse
1604 850 1789 886 tradidit
1801 850 1930 888 Tacit.
1957 851 2107 888 Annal.
2138 849 2247 895 XVI
2278 850 2347 897 14.

171 908 269 964 coll.
287 899 399 963 XIII,
420 921 493 958 28.
527 905 919 961 APOLLONIDAS,
937 915 1064 953 Anth.
1078 915 1147 961 VI,
1174 916 1275 956 105.
1299 918 1402 956 238.
1424 917 1530 956 239.
1566 912 1657 959 VII,
1676 915 1781 955 378.
1802 916 1906 955 389-
1930 916 2033 954 631.
2054 914 2156 953 642.
2183 912 2346 964 1X,87.

170 973 284 1030 228.
289 967 405 1021 243.
427 979 532 1021 244-
556 981 660 1021 257.
678 979 784 1023 264.
806 972 914 1020 265.
939 983 1042 1019 271.
1067 982 1173 1019 280.
1190 982 1294 1019 281.
1318 982 1426 1030 287.
1447 981 1553 1028 296.
1574 978 1683 1018 408.
1703 978 1810 1018 422.
1836 976 1887 1023 Χ,
1912 980 1982 1018 18.
2017 976 2087 1023 XI,
2103 978 2174 1017 25.
2208 976 2349 1014 floruit

136 1042 248 1098 '9¹³1’
265 1031 458 1099 Augusto
481 1050 531 1079 et
555 1035 746 1086 Tiberio.
794 1042 855 1078 M.
888 1030 1284 1094 ARGENTARIVS,
1328 1025 1968 1082 Anthol.v,1o4.1o5.110
1992 1043 2216 1080 113.116.
2242 1044 2345 1085 118.

175 1094 284 1149 127
291 1108 402 1164 128.
437 1104 506 1152 VI,
529 1104 653 1161 246.
669 1104 893 1155 (incertum
915 1103 1205 1152 Philodemine
1227 1115 1281 1140 an
1302 1102 1575 1155 Argentarii.)
1603 1102 1710 1144 248.
1744 1101 1835 1148 VII,
1861 1102 1967 1144 364.
1987 1103 2092 1143 374.
2115 1104 2219 1144 384.
2240 1105 2346 1147 395.

173 1169 294 1226 403..
315 1159 385 1215 ΙΧ,
408 1160 512 1209 221.
526 1172 629 1210 229.
643 1169 747 1212 246.
760 1172 864 1209 270.
882 1172 985 1211 286.
1001 1168 1107 1208 554.
1138 1165 1187 1213 X,
1208 1171 1277 1208 18.
1312 1168 1383 1213 ΧΙ,
1407 1171 1479 1208 26
1503 1171 1576 1212 28.
1599 1169 1705 1206 320.
1742 1166 1893 1203 dubiae
1913 1167 2081 1202 aetatis:
2122 1167 2347 1215 LOLLIVS

170 1211 379 1282 1388878,
412 1220 542 1270 Ami..
562 1233 610 1277 v,
628 1233 728 1272 125.
763 1231 853 1277 vn,
873 1234 977 1272 872.
995 1234 1100 1273 886
1113 1230 1449 1277 391.1x,-236
1471 1234 1580 1270 279.
1599 1233 1704 1271 289.
1736 1229 1788 1275 X,
1809 1233 1912 1277 102.
1946 1229 2144 1266 vixitsub
2164 1229 2346 1277 Tiberio,

171 1283 298 1356 iden,
307 1281 417 1338 haud
440 1281 564 1331 dubie
590 1281 877 1348 Argentarius,
929 1305 981 1331 ex
995 1305 1082 1342 quo
1105 1293 1254 1344 passini
1276 1293 1487 1344 profecit
1491 1278 1550 1330 M.
1585 1292 1743 1342 Seneca
1776 1292 1821 1328 in
1854 1292 2048 1329 Controv.
2082 1291 2347 1341 BOETHVS,

171 1346 299 1393 Anth.
316 1346 387 1402 IX,
413 1359 518 1397 248.
553 1358 721 1408 fortasse
742 1357 966 1406 Tarsensis,
997 1359 1182 1404 Augusto
1204 1357 1460 1408 concedente
1487 1369 1539 1395 ex
1557 1356 1656 1391 urbe
1673 1356 1816 1407 patria²
1851 1368 1973 1403 quam
1999 1356 2172 1405 impune
2192 1358 2348 1405 expila-

173 1422 301 1464 verat,-
332 1418 500 1465 ejectus,
520 1417 660 1455 κακός
680 1412 764 1465 μὲν
782 1416 988 1467 ποιητής,
1019 1413 1160 1470 κᾳκός
1184 1412 1230 1454 δὲ
1250 1416 1453 1467 πολίτης,
1485 1424 1589 1453 teste
1616 1416 1744 1454 Strab
1770 1416 1878 1464 XIV,
1906 1418 1949 1464 4,
1978 1419 2047 1459 14.
2114 1419 2346 1459 DIOCLES

175 1482 485 1527 CARYSTIVS,
514 1483 640 1519 Δηὼ.
661 1483 751 1528 VII,
772 1485 876 1522 893.
903 1483 977 1519 sub
995 1466 1178 1531 Augusto
1196 1490 1237 1518 et
1252 1482 1436 1527 Tiberio,
1463 1483 1573 1517 inter
1590 1481 1775 1518 rhetores
1798 1483 1859 1518 sui
1878 1483 1966 1518 aevi
1986 1483 2174 1520 laudatus
2198 1485 2253 1522 M.
2274 1486 2346 1522 Se·

172 1557 315 1591 necae,
357 1545 516 1582 Suasor.
538 1541 579 1581 11
600 1552 640 1581 et
667 1544 857 1583 Controv.
880 1544 912 1581 Ι.
944 1552 1046 1582 extr.
1066 1543 1140 1580 III.
1166 1551 1267 1581 extr.
1290 1545 1337 1580 V.
1369 1551 1471 1583 extr
1492 1543 1603 1580 VIII.
1637 1551 1739 1581 extr.
1758 1544 1834 1581 ΧΙ.
1857 1552 1957 1581 extr.
1978 1545 2086 1582 XIV.
2116 1555 2215 1583 extr.
2237 1547 2343 1587 XVI-

175 1616 277 1646 extr.
300 1608 483 1644 XXXIV.
511 1615 610 1644 extr.
658 1608 930 1661 DIOTlMVS
957 1607 1222 1652 MILESIVS,
1263 1607 1393 1643 Anth.
1423 1608 1470 1653 V,
1501 1612 1601 1647 106.
1636 1608 1818 1643 incertae
1846 1610 2006 1654 aetatis,
2036 1610 2108 1645 sed
2133 1612 2258 1657 probe
2284 1611 2345 1648 di-

174 1660 445 1720 stinguendus
481 1671 531 1708 ab
557 1656 685 1708 altero
715 1669 984 1716 Atheniensi,
1026 1682 1151 1719 quem
1190 1682 1286 1707 suae
1317 1670 1505 1708 Coronae
1532 1670 1772 1708 intexuerat
1792 1670 2345 1722 Meleager.EP1GONVS

173 1726 716 1780 THESSALONICENSIS,
750 1733 875 1771 Anth.
893 1733 963 1780 IX,
983 1738 1088 1775 261.
1121 1733 1315 1770 incertae
1321 1732 1484 1770 aetatis·
1525 1733 1753 1771 ERYCIVS
1785 1733 2099 1781 CYZICENVS‚
2133 1736 2260 1773 Anth.
2273 1737 2344 1784 VI,

175 1800 250 1838 96.
267 1798 371 1841 234.
396 1798 501 1853 255.
535 1796 625 1842 VII,
643 1800 747 1838 368.
767 1800 871 1836 377.
896 1800 1000 1837 397.
1034 1797 1106 1842 Ι-Χ,
1123 1799 1227 1837 233.
1237 1795 1360 1836 237.
1381 1798 1485 1837 558.
1518 1794 1715 1845 Augustei
1734 1796 1958 1833 invidetur
1972 1799 2144 1835 saeculi:
2178 1800 2344 1837 ETRv-

170 1859 306 1912 “SCVS
338 1856 649 1903 MESSENI'VS,
700 1858 827 1897 Anth.
856 1859 945 1904 VII,
974 1862 1078 1899 381.
1114 1859 1296 1895 incertae
1320 1859 1476 1903 aetatis,
1517 1869 1761 1905 quamquam
1786 1858 1895 1894 nihil
1918 1859 2063 1905 obstat,
2099 1873 2180 1908 quo
2205 1863 2346 1901 minus

174 1921 356 1960 eundern
374 1934 471 1959 eum
487 1921 703 1959 Etruscum
720 1928 926 1970 putemus,
960 1928 1086 1970 quem
1104 1932 1200 1958 cnm
1223 1920 1311 1957 filio
1334 1931 1357 1956 a
1373 1920 1612 1957 Domitiano
1636 1921 1684 1957 in
1706 1921 1901 1958 exsilium
1918 1922 2092 1959 missum
2113 1936 2204 1961 esse
2226 1925 2343 1962 novi·

173 1996 266 2022 mus
284 1997 336 2021 ex
353 1985 558 2030 Martiale,
591 1985 661 2029 VI,
680 1987 752 2025 83.
788 1984 878 2029 VII,
900 1987 972 2023 39.
1036 1981 1384 2020 HERACLIDES
1406 1983 1730 2027 SINOPENSIS,
1763 1984 1890 2024 Anth.
1908 1986 1998 2030 VII,
2019 1989 2124 2025 392.
2160 1988 2343 2026 incertae

174 2047 333 2093 aetatis,
375 2047 566 2097 Diogene
594 2054 735 2084 tamen
760 2046 922 2083 Laertio
953 2046 1179 2095 antiquior:
1235 2045 1595 2097 MACEDONIVS
1629 2045 2177 2099 THESSALONICENSIS,
2214 2050 2343 2088 Anth.

173 2110 245 2155 IX,
271 2111 376 2150 275.
419 2110 489 2155 XI,
518 2114 591 2152 27.
617 2112 691 2149 39.
732 2111 914 2146 incertae
939 2109 1094 2153 aetatis,
1136 2119 1258 2156 quem
1278 2120 1374 2144 cave
1405 2108 1634 2144 confundas
1659 2120 1755 2146 cum
1776 2110 1939 2155 juniore
1965 2111 2225 2157 Macedonio,
2268 2115 2344 2150 sub

173 2172 404 2210 Iustiniano
430 2184 525 2210 cum
551 2172 696 2221 Paullo
723 2172 959 2218 silentiario
987 2180 1028 2209 et
1054 2171 1227 2222 Agathia
1251 2171 1448 2217 florente,
1483 2171 1557 2208 cui·
1576 2171 1731 2208 titulus·
1746 2168 1835 2209 τοῦ
1856 2169 2037 2211 ὑπάτου
2059 2174 2180 2222 adjici
2215 2176 2341 2214 solet:

176 2236 225 2285 Q.
254 2236 508 2282 MAECIVS,
541 2237 773 2285 aliquoties,
808 2236 879 2272 sed
896 2234 1399 2285 perperam,'MACCIVS
1433 2236 1620 2284 scriptus,
1663 2231 1789 2271 Anth.
1812 2233 1860 2281 V,
1882 2238 1979 2277 114.
2000 2242 2018 2277 1
2033 2242 2101 2277 17.
2122 2242 2221 2279 130.
2240 2243 2341 2280 133.

173 2299 244 2345 VI,
270 2303 342 2341 80.
365 2303 467 2341 230.
492 2303 594 2340 233.
636 2300 707 2352 IX,
738 2300 842 2340 249.
864 2300 1090 2340 408411.
1126 2299 1307 2336 incertae
1333 2298 1496 2335 aetatis:
1527 2298 1756 2336 :MVGIVS
1775 2299 2084 2347 SCAEVOLA,
2123 2303 2249 2340 Anth.
2271 2303 2341 2350 IX,

176 2364 282 2402 217.
326 2362 508 2398 incertae
529 2362 693 2399 aetatis:
744 2361 1001 2407 MYRINVS,
1035 2361 1166 2398 Anth.
1191 2361 1260 2414 VI,
1293 2365 1391 2414 108.
1422 2361 1526 2400 254.
1561 2362 1744 2397 incertae
1769 2362 1927 2408 aetatis,
1967 2363 2067 2399 licet
2095 2365 2263 2414 elegans
2297 2367 2342 2402 in

122 2446 124 2448 -
173 2425 313 2474 paucis
340 2433 482 2473 poeta:
531 2425 775 2462 ONESTES
806 2415 1152 2469 CORINTHIVS,
1185 2425 1311 2461 Anth.
1327 2425 1397 2468 IX,
1419 2428 1528 2464 -2-16.
1548 2427 1652 2465 225.
1674 2427 1779 2465 230.
1804 2428 1908 2465 250.
1934 2430 2039 2466 292.
2075 2428 2144 2471 XI,
2172 2431 2243 2468 32¹.
2265 2431 2339 2469 45.

109 2493 113 2499 “
173 2487 354 2531 incertae
376 2487 541 2524 aetatis:
590 2487 868 2525 PHILIPPVS
902 2487 1209 2533 CARYSTIVS,
1248 2486 1374 2525 Anth.
1397 2486 1486 2531 VII,
1514 2488 1619 2527 394.
1645 2488 1733 2523 nisi
1760 2487 1875 2524 idem
1897 2487 1979 2535 hic,
2020 2489 2128 2538 quod
2150 2502 2266 2540 supra
2295 2492 2341 2529 in

176 2551 390 2599 Antipatro
411 2551 597 2598 Carystio
618 2551 931 2595 observavimus,
966 2550 1173 2593 acciderit,
1208 2559 1254 2587 ut
1282 2562 1331 2586 ex
1354 2550 1627 2598 praecedente
1655 2547 1823 2592 Dioclis
1842 2551 2016 2599 Carystii
2046 2544 2343 2602 epigrammate*

173 2613 333 2663 gentile
352 2624 567 2662 perperam
590 2612 642 2649 sit
661 2606 866 2649 additum:
907 2605 1142 2649 Brunckius
1167 2620 1279 2651 certe
1304 2614 1349 2649 in
1365 2612 1486 2649 Anal.
1516 2624 1578 2652 nr.
1597 2612 1778 2650 LXXVI.
1796 2605 1979 2651 'carmen
2006 2624 2191 2653 nostrum
2211 2617 2342 2654 Thes-

147 2705 151 2709 ,
175 2674 422 2713 salonicensi
443 2676 649 2726 Philippo,
685 2675 999 2722 cujuscolorem
1021 2676 1164 2721 refert,
1198 2675 1307 2725 haud
1324 2682 1567 2713 cunctanter
1588 2675 1755 2712 tribuit:
1804 2673 2028 2714 -POLEMO
2053 2678 2338 2726 PONTICVS,

144 2727 495 2783 Χ7183681122.
529 2739 669 2775 floruit
696 2739 770 2774 sub
797 2739 1003 2786 Aug-usim
1059 2729 1346 2777 SECVNDVS
1373 2738 1735 2784 TARENTINVS,
1778 2739 1905 2779 Anah.
1923 2740 1993 2785 lx,
2022 2740 2127 2781 260.
2150 2745 2254 2782 301.
2289 2743 2340 2780 de

175 2811 255 2855 quo
272 2798 536 2841 Brunckius
524 2813 575 2838 ur
583 2801 707 2839 Qlectt
733 2813 773 2850 Ρ.
794 2803 899 2841 237.
933 2801 1186 2838 rectissimo:
1230 2828 1263 2853 „
1275 2813 1371 2855 quzs
1373 2799 1531 2856 suern
1548 2809 1592 2841 et
1610 2800 1791 2854 quando
1806 2800 2058 2856 scripserit,
2093 2802 2340 2858 incompar-

173 2868 268 2903 tum
282 2861 396 2902 muln·
414 2870 503 2904 est·
534 2862 772 2919 probabile
789 2870 869 2913 est,
895 2873 1147 2926 >supparem
1163 2875 1257 2906 eum
1266 2863 1413 2921 fuisse
1425 2863 1578 2918 poetis
1596 2862 1704 2912 illis,
1739 2876 1923 2918 quorum
1943 2864 2217 2907 carminibus
2237 2867 2339 2909 Phi·

157 2922 325 2980 ,lippus
350 2926 578 2967 Coronam
605 2933 750 2968 suam·
759 2925 933 2968 nsxuit:
966 2919 1029 2968 id-
1046 2928 1240 2969 suadent
1257 2926 1638 2984 epigrammatum
1667 2935 1950 2981 argumenta,
1991 2937 2167 2971 nauvus
2194 2931 2339 2983 color,
